paul@Latitude-7400.15014:1687765277