@article{BF17,
  title={Algorithmic aspects of optimal channel coding},
  author={Barman, Siddharth and Fawzi, Omar},
  journal={IEEE Transactions on Information Theory},
  volume={64},
  number={2},
  pages={1038--1045},
  year={2017},
  publisher={IEEE}
}

@article{Skowron2016,
  title={Finding a collective set of items: From proportional multirepresentation to group recommendation},
  author={Skowron, Piotr and Faliszewski, Piotr and Lang, Jerome},
  journal={Artificial Intelligence},
  volume={241},
  pages={191--216},
  year={2016},
  publisher={Elsevier}
}

@book{AGT,
author = {Nisan, Noam and Roughgarden, Tim and Tardos, Eva and Vazirani, Vijay V.},
title = {Algorithmic Game Theory},
year = {2007},
publisher = {Cambridge University Press}
}




@article{Brill2018,
  title={Multiwinner approval rules as apportionment methods},
  author={Brill, Markus and Laslier, Jean-Fran{\c{c}}ois and Skowron, Piotr},
  journal={Journal of Theoretical Politics},
  volume={30},
  number={3},
  pages={358--382},
  year={2018},
  publisher={SAGE Publications Sage UK: London, England}
}

@inproceedings{gairing2009covering,
  title={Covering games: Approximation through non-cooperation},
  author={Gairing, Martin},
  booktitle={International Workshop on Internet and Network Economics},
  pages={184--195},
  year={2009},
  organization={Springer}
}

@article{cornnejols1977location,
  title={Location of bank accounts of optimize float: An analytic study of exact and approximate algorithm},
  author={Cornnejols, G and Fisher, M and Nemhauser, G},
  journal={Management Science},
  volume={23},
  pages={789--810},
  year={1977}
}

@inproceedings{marden2008distributed,
  title={Distributed welfare games with applications to sensor coverage},
  author={Marden, Jason R and Wierman, Adam},
  booktitle={2008 47th IEEE Conference on Decision and Control},
  pages={1708--1713},
  year={2008},
  organization={IEEE}
}



@inproceedings{FSS19,
  title={Approximation algorithms for classical-quantum channel coding},
  author={Fawzi, Omar and Seif, Johanna and Szil{\'a}gyi, D{\'a}niel},
  booktitle={2019 IEEE International Symposium on Information Theory (ISIT)},
  pages={2569--2573},
  year={2019},
  organization={IEEE}
}
@article{Shannon48,
  title={A mathematical theory of communication, bell System technical Journal 27: 379-423 and 623--659},
  author={Shannon, C},
  journal={Mathematical Reviews (MathSciNet): MR10, 133e},
  year={1948}
}
@article{BBPWW07,
  title={Mathematical morphology for matrix fields induced by the Loewner ordering in higher dimensions},
  author={Burgeth, Bernhard and Bruhn, Andres and Papenberg, Nils and Welk, Martin and Weickert, Joachim},
  journal={Signal Processing},
  volume={87},
  number={2},
  pages={277--290},
  year={2007},
  publisher={Elsevier}
}
@article{FG04,
  title={The smallest enclosing ball of balls: combinatorial structure and algorithms},
  author={Fischer, Kaspar and G{\"a}rtner, Bernd},
  journal={International Journal of Computational Geometry \& Applications},
  volume={14},
  number={04n05},
  pages={341--378},
  year={2004},
  publisher={World Scientific}
}
@article{DT10,
  title={Qubit state discrimination},
  author={Deconinck, Matthieu E and Terhal, Barbara M},
  journal={Physical Review A},
  volume={81},
  number={6},
  pages={062304},
  year={2010},
  publisher={APS}
}
@inproceedings{Hunter04,
  title={Results in optimal discrimination},
  author={Hunter, Kieran},
  booktitle={AIP Conference Proceedings},
  volume={734},
  number={1},
  pages={83--86},
  year={2004},
  organization={American Institute of Physics}
}
@article{CMi09,
  title={On selecting a maximum volume sub-matrix of a matrix and related problems},
  author={{\c{C}}ivril, Ali and Magdon-Ismail, Malik},
  journal={Theoretical Computer Science},
  volume={410},
  number={47-49},
  pages={4801--4811},
  year={2009},
  publisher={Elsevier}
}
@article{Bae13,
  title={Structure of minimum-error quantum state discrimination},
  author={Bae, Joonwoo},
  journal={New Journal of Physics},
  volume={15},
  number={7},
  pages={073037},
  year={2013},
  publisher={IOP Publishing}
}
@article{BK15,
  title={Quantum state discrimination and its applications},
  author={Bae, Joonwoo and Kwek, Leong-Chuan},
  journal={Journal of Physics A: Mathematical and Theoretical},
  volume={48},
  number={8},
  pages={083001},
  year={2015},
  publisher={IOP Publishing}
}
@article{Vondrak10,
  title={A note on concentration of submodular functions},
  author={Vondr{\'a}k, Jan},
  journal={arXiv preprint arXiv:1005.2791},
  year={2010}
}
@book{GJ79,
  title={Computers and intractability},
  author={Garey, Michael R and Johnson, David S},
  volume={174},
  year={1979},
  publisher={freeman San Francisco}
}
@inproceedings{BBKT17,
  title={Guarantees for greedy maximization of non-submodular functions with applications},
  author={Bian, Andrew An and Buhmann, Joachim M and Krause, Andreas and Tschiatschek, Sebastian},
  booktitle={Proceedings of the 34th International Conference on Machine Learning-Volume 70},
  pages={498--507},
  year={2017},
  organization={JMLR. org}
}
@inproceedings{KC10,
  title={Submodular dictionary selection for sparse representation},
  author={Krause, Andreas and Cevher, Volkan},
  booktitle={International Conference on Machine Learning (ICML)},
  number={CONF},
  year={2010}
}
@article{DK11,
  title={Submodular meets spectral: Greedy algorithms for subset selection, sparse approximation and dictionary selection},
  author={Das, Abhimanyu and Kempe, David},
  journal={arXiv preprint arXiv:1102.3975},
  year={2011}
}
@article{KSC08,
  title={Near-optimal sensor placements in Gaussian processes: Theory, efficient algorithms and empirical studies},
  author={Krause, Andreas and Singh, Ajit and Guestrin, Carlos},
  journal={Journal of Machine Learning Research},
  volume={9},
  number={Feb},
  pages={235--284},
  year={2008}
}
@article{NWF78,
  title={An analysis of approximations for maximizing submodular set functions},
  author={Nemhauser, George L and Wolsey, Laurence A and Fisher, Marshall L},
  journal={Mathematical programming},
  volume={14},
  pages={265--294},
  year={1978},
  publisher={Springer}
}
@inproceedings{Sin10,
  title={Budget feasible mechanisms},
  author={Singer, Yaron},
  booktitle={2010 IEEE 51st Annual Symposium on Foundations of Computer Science},
  pages={765--774},
  year={2010},
  organization={IEEE}
}
@inproceedings{BDO12,
  title={Optimization with demand oracles},
  author={Badanidiyuru, Ashwinkumar and Dobzinski, Shahar and Oren, Sigal},
  booktitle={Proceedings of the 13th ACM conference on electronic commerce},
  pages={110--127},
  year={2012}
}
@book{BL10,
  title={Convex analysis and nonlinear optimization: theory and examples},
  author={Borwein, Jonathan and Lewis, Adrian S},
  year={2010},
  publisher={Springer Science \& Business Media}
}
@article{Megiddo89,
  title={On the ball spanned by balls},
  author={Megiddo, Nimrod},
  journal={Discrete \& Computational Geometry},
  volume={4},
  number={6},
  pages={605--610},
  year={1989},
  publisher={Springer}
}
@article{Shenmaier13,
  title={The problem of a minimal ball enclosing k points},
  author={Shenmaier, VV},
  journal={Journal of Applied and Industrial Mathematics},
  volume={7},
  number={3},
  pages={444--448},
  year={2013},
  publisher={Springer}
}
@book{Aubrun17,
  title={Alice and Bob meet Banach},
  author={Aubrun, Guillaume and Szarek, Stanis{\l}aw J},
  volume={223},
  year={2017},
  publisher={American Mathematical Soc.}
}
@article{BK13,
  title={No dimension-independent core-sets for containment under homothetics},
  author={Brandenberg, Ren{\'e} and K{\"o}nig, Stefan},
  journal={Discrete \& Computational Geometry},
  volume={49},
  number={1},
  pages={3--21},
  year={2013},
  publisher={Springer}
}
@inproceedings{BK03,
  title={Smaller core-sets for balls},
  author={Badoiu, Mihai and Clarkson, Kenneth L},
  booktitle={Proceedings of the fourteenth annual ACM-SIAM symposium on Discrete algorithms},
  pages={801--802},
  year={2003},
  organization={Society for Industrial and Applied Mathematics}
}
@article{Barrett07,
  title={Information processing in generalized probabilistic theories},
  author={Barrett, Jonathan},
  journal={Physical Review A},
  volume={75},
  number={3},
  pages={032304},
  year={2007},
  publisher={APS}
}
@article{ALP19,
  title={Universal entangleability of non-classical theories},
  author={Aubrun, Guillaume and Lami, Ludovico and Palazuelos, Carlos},
  journal={arXiv preprint arXiv:1910.04745},
  year={2019}
}
@article{BKK16,
  title={Structure of optimal state discrimination in generalized probabilistic theories},
  author={Bae, Joonwoo and Kim, Dai-Gyoung and Kwek, Leong-Chuan},
  journal={Entropy},
  volume={18},
  number={2},
  pages={39},
  year={2016},
  publisher={Multidisciplinary Digital Publishing Institute}
}
@article{BR09,
  title={Minimal containment under homothetics: a simple cutting plane approach},
  author={Brandenberg, Ren{\'e} and Roth, Lucia},
  journal={Computational Optimization and Applications},
  volume={48},
  number={2},
  pages={325--340},
  year={2011},
  publisher={Springer}
}
@inproceedings{BFGG20,
  title={Tight approximation bounds for maximum multi-coverage},
  author={Barman, Siddharth and Fawzi, Omar and Ghoshal, Suprovat and G{\"u}rp{\i}nar, Emirhan},
  booktitle={International Conference on Integer Programming and Combinatorial Optimization},
  pages={66--77},
  year={2020},
  organization={Springer}
}
@book{StochasticOrders,
  title={Stochastic orders},
  author={Shaked, Moshe and Shanthikumar, J George},
  year={2007},
  publisher={Springer Science \& Business Media}
}
@article{SVW17,
  title={Optimal approximation for submodular and supermodular optimization with bounded curvature},
  author={Sviridenko, Maxim and Vondr{\'a}k, Jan and Ward, Justin},
  journal={Mathematics of Operations Research},
  volume={42},
  number={4},
  pages={1197--1218},
  year={2017},
  publisher={INFORMS}
}
@article{PM19,
  title={Utility Design for Distributed Resource Allocation--Part II: Applications to Submodular, Covering, and Supermodular Problems},
  author={Paccagnan, Dario and Marden, Jason R},
  journal={arXiv preprint arXiv:1807.01343},
  year={2018}
}

@article{CPM19,
  title={Optimal mechanisms for distributed resource-allocation},
  author={Chandan, Rahul and Paccagnan, Dario and Marden, Jason R},
  journal={arXiv preprint arXiv:1911.07823},
  year={2019}
}
@article{TF19,
  title={The Poisson binomial distribution--Old \& New},
  author={Tang, Wenpin and Tang, Fengmin},
  journal={arXiv preprint arXiv:1908.10024},
  year={2019}
}
@inproceedings{Barbour84,
  title={On the rate of Poisson convergence},
  author={Barbour, Andrew D and Hall, Peter},
  booktitle={Mathematical Proceedings of the Cambridge Philosophical Society},
  volume={95},
  number={3},
  pages={473--480},
  year={1984},
  organization={Cambridge University Press}
}
@incollection{Murphey00,
  title={Target-based weapon target assignment problems},
  author={Murphey, Robert A},
  booktitle={Nonlinear assignment problems},
  pages={39--53},
  year={2000},
  publisher={Springer}
}
@article{AS04,
  title={Pipage rounding: A new method of constructing algorithms with proven performance guarantee},
  author={Ageev, Alexander A and Sviridenko, Maxim I},
  journal={Journal of Combinatorial Optimization},
  volume={8},
  number={3},
  pages={307--328},
  year={2004},
  publisher={Springer}
}
@article{CCPV11,
  title={Maximizing a monotone submodular function subject to a matroid constraint},
  author={Calinescu, Gr1uia and Chekuri, Chandra and Pal, Martin and Vondr{\'a}k, Jan},
  journal={SIAM Journal on Computing},
  volume={40},
  number={6},
  pages={1740--1766},
  year={2011},
  publisher={SIAM}
}
@article{Vondrak07,
  title={Submodularity in {C}ombinatorial {O}ptimization},
  author={Vondr{\'a}k, Jan},
  year={2007},
  journal={Univerzita Karlova, Matematicko-fyzik{\'a}ln{\'\i} fakulta}
}
@incollection{Hochbaum96,
  title={Approximating covering and packing problems: set cover, vertex cover, independent set, and related problems},
  author={Hochbaum, Dorit S},
  booktitle={Approximation algorithms for NP-hard problems},
  pages={94--143},
  year={1996}
}
@article{Feige98,
  title={A threshold of ln n for approximating set cover},
  author={Feige, Uriel},
  journal={Journal of the ACM (JACM)},
  volume={45},
  number={4},
  pages={634--652},
  year={1998},
  publisher={ACM New York, NY, USA}
}
@article{CFN77,
  title={Exceptional paper—Location of bank accounts to optimize float: An analytic study of exact and approximate algorithms},
  author={Cornuejols, Gerard and Fisher, Marshall L and Nemhauser, George L},
  journal={Management science},
  volume={23},
  number={8},
  pages={789--810},
  year={1977},
  publisher={INFORMS}
}
@inproceedings{FK14,
  title={Learning coverage functions and private release of marginals},
  author={Feldman, Vitaly and Kothari, Pravesh},
  booktitle={Conference on Learning Theory},
  pages={679--702},
  year={2014}
}
@article{SV15,
  title={Limitations of randomized mechanisms for combinatorial auctions},
  author={Dughmi, Shaddin and Vondr{\'a}k, Jan},
  journal={Games and Economic Behavior},
  volume={92},
  pages={370--400},
  year={2015},
  publisher={Elsevier}
}
@article{CC84,
  title={Submodular set functions, matroids and the greedy algorithm: tight worst-case bounds and some generalizations of the Rado-Edmonds theorem},
  author={Conforti, Michele and Cornu{\'e}jols, G{\'e}rard},
  journal={Discrete applied mathematics},
  volume={7},
  number={3},
  pages={251--274},
  year={1984},
  publisher={Elsevier}
}
@inproceedings{DDMS20,
  title={Tight Approximation for Proportional Approval Voting},
  author={Dudycz, Szymon and Manurangsi, Pasin and Marcinkowski, Jan and Sornat, Krzysztof},
  year={2020},
  organization={IJCAI}
}
@article{BSS17,
  title={Proportional approval voting, harmonic k-median, and negative association},
  author={Byrka, Jaros{\l}aw and Skowron, Piotr and Sornat, Krzysztof},
  journal={arXiv preprint arXiv:1704.02183},
  year={2017}
}
@article{FW10,
  title={Closed-form expression for the poisson-binomial probability density function},
  author={Fern{\'a}ndez, Manuel and Williams, Stuart},
  journal={IEEE Transactions on Aerospace and Electronic Systems},
  volume={46},
  number={2},
  pages={803--817},
  year={2010},
  publisher={IEEE}
}